<record><leader>00000cas a22000007a 4500</leader><controlfield tag="001">15150991</controlfield><controlfield tag="008">870204d19641975inuwr ne      0    0eng d</controlfield><datafield ind1=" " ind2=" " tag="010"><subfield code="a">sn 87055064 </subfield></datafield><datafield ind1=" " ind2=" " tag="040"><subfield code="a">NPI</subfield><subfield code="b">eng</subfield><subfield code="c">NPI</subfield><subfield code="d">OCLCQ</subfield><subfield code="d">IUL</subfield><subfield code="d">OCLCO</subfield><subfield code="d">OCLCF</subfield></datafield><datafield ind1=" " ind2=" " tag="042"><subfield code="a">msc</subfield></datafield><datafield ind1=" " ind2=" " tag="043"><subfield code="a">n-us-in</subfield></datafield><datafield ind1="0" ind2=" " tag="130"><subfield code="a">Reporter (Gas City, Ind.)</subfield></datafield><datafield ind1="1" ind2="4" tag="245"><subfield code="a">The reporter.</subfield></datafield><datafield ind1=" " ind2=" " tag="260"><subfield code="a">Gas City, Ind. :</subfield><subfield code="b">Allen C. Terhune &amp; Associates,</subfield><subfield code="c">-1975.</subfield></datafield><datafield ind1=" " ind2=" " tag="300"><subfield code="a">volumes</subfield></datafield><datafield ind1=" " ind2=" " tag="310"><subfield code="a">Weekly</subfield></datafield><datafield ind1="0" ind2=" " tag="362"><subfield code="a">-v. 11, no. 30 (May 15, 1975).</subfield></datafield><datafield ind1="1" ind2=" " tag="362"><subfield code="a">Began with Oct. 29, 1964 issue.</subfield></datafield><datafield ind1=" " ind2=" " tag="580"><subfield code="a">Merged with: The Gas City journal, and: The Jonesboro journal to form: Twin city journal-reporter.</subfield></datafield><datafield ind1=" " ind2=" " tag="588"><subfield code="a">Description based on: Vol. 4, no. 7 (Dec. 7, 1967).</subfield></datafield><datafield ind1=" " ind2="0" tag="651"><subfield code="a">Gas City (Ind.)</subfield><subfield code="v">Newspapers.</subfield></datafield><datafield ind1=" " ind2="0" tag="651"><subfield code="a">Grant County (Ind.)</subfield><subfield code="v">Newspapers.</subfield></datafield><datafield ind1=" " ind2="7" tag="655"><subfield code="a">Newspapers.</subfield><subfield code="2">fast</subfield><subfield code="0">(OCoLC)fst01423814</subfield></datafield><datafield ind1=" " ind2="7" tag="651"><subfield code="a">Indiana</subfield><subfield code="z">Gas City.</subfield><subfield code="2">fast</subfield><subfield code="0">(OCoLC)fst01216496</subfield></datafield><datafield ind1=" " ind2="7" tag="651"><subfield code="a">Indiana</subfield><subfield code="z">Grant County.</subfield><subfield code="2">fast</subfield><subfield code="0">(OCoLC)fst01207493</subfield></datafield><datafield ind1=" " ind2=" " tag="752"><subfield code="a">United States</subfield><subfield code="b">Indiana</subfield><subfield code="c">Grant</subfield><subfield code="d">Gas City.</subfield></datafield><datafield ind1="0" ind2="5" tag="780"><subfield code="t">Courier (Upland, Ind.)</subfield><subfield code="w">(DLC)sn 87055088</subfield><subfield code="w">(OCoLC)15147854</subfield></datafield><datafield ind1="1" ind2="7" tag="785"><subfield code="t">Gas City journal</subfield><subfield code="w">(DLC)sn 84045412</subfield><subfield code="w">(OCoLC)11313472</subfield></datafield><datafield ind1="1" ind2="7" tag="785"><subfield code="t">Jonesboro journal (Jonesboro, Ind.)</subfield><subfield code="w">(DLC)sn 87056184</subfield><subfield code="w">(OCoLC)16908742</subfield></datafield><datafield ind1="1" ind2="7" tag="785"><subfield code="t">Twin city journal-reporter</subfield><subfield code="w">(DLC)sn 87055115</subfield><subfield code="w">(OCoLC)15148644</subfield></datafield></record>